@book{amos2017,
    title =     {MATLAB: An Introduction with Applications},
    author =    {Amos Gilat},
    publisher = {Wiley},
    isbn =      {9781119256830; 1119256836},
    year =      {2017},
    edition =   {6},
}